%%%%%%%%%%%%%%% Books
@book{cipra,
    author = "Cipra Tomáš",
    title = "Finanční ekonometrie",
    publisher = "Ekopress",
    year = "2008",
    isbn = "978-80-86929-43-9",
}
@book{brockwell,
    author = "Brockwell, Peter. and Davis, Richard",
    title = "Time Series: Theory and Methods",
    publisher = "Springer-Verlag New York",
    year = "2009",
    isbn = "978-0-387-97429-3",
    address = "Praha",
}
@book{hyndman-forecasting,
    title = {Forecasting with exponential smoothing: the state space approach},
    author = {Hyndman, Rob and Koehler, Anne B and Ord, J Keith and Snyder, Ralph D},
    year = {2008},
    publisher ={ Springer Science \& Business Media}
}
@book{statistika,
    author = "Cyhelský, Lubomír and Souček, Eduard",
    title = "Základy statistiky",
    publisher = "Vysoká škola finanční a správní",
    year =  "2009",
    isbn =  "978-80-7408-013-5",
    address = "Praha",
}

%%%%%%%%%%%%%%% Articles
@article{hyndman-state-space,
    title = {A state space framework for automatic forecasting using exponential smoothing methods},
    author = {Hyndman, Rob J and Koehler, Anne B and Snyder, Ralph D and Grose, Simone},
    journal = {International Journal of Forecasting},
    volume = {18},
    number = {3},
    pages = {439--454},
    year = {2002},
    publisher = {Elsevier}
}

@article{ann-forecasting-state-art,
    title = {Forecasting with artificial neural networks:: The state of the art},
    author = {Zhang, G. and Eddy Patuwo, B. and Y Hu, M.},
    journal = {International journal of forecasting},
    volume = {14},
    number = {1},
    pages = {35-62},
    year = {1998},
    publisher = {Elsevier},
}
@article{ann-forecasting,
    Title = {An Artificial Neural Network for Data Forecasting Purposes.},
    Author = {COCIANU, Cătălina-Lucia and GRIGORYAN, Hakob},
    ISSN = {14531305},
    Journal = {Informatica Economica},
    Keywords = {NEURAL networks (Computer science), STOCK exchanges, TIME series analysis, INSTRUCTIONAL systems, COMPARATIVE studies, ARIMA Model, Exogenous Inputs, Neural Network, Nonlinear Autoregressive Network, Time Series},
    Number = {2},
    Pages = {34-45},
    Volume = {19},
    Year = {2015},
}
%%author = {Aras, Serkan and Kocako{\c{c}}, {\.I}pek Deveci},
@article{ann-model-selecting,
    title = {A new model selection strategy in time series forecasting with artificial neural networks: IHTS},
    author = {Serkan Aras and İpek Deveci},
    journal = {Neurocomputing},
    volume = {174},
    pages = {974--987},
    year = {2016},
    publisher = {Elsevier}
}
@article{period-meteo,
    title = {Period identification in hydrologic time series using empirical mode decomposition and maximum entropy spectral analysis},
    author = {Sang, Yan-Fang and Wang, Zhonggen and Liu, Changming},
    journal = {Journal of Hydrology},
    volume = {424},
    pages = {154--164},
    year = {2012},
    publisher = {Elsevier}
}

%%%%%%%%%%%%%%% Online
@misc{otexts,
    author = "Hyndman, Rob and Athanasopoulos, George",
    title = "Forecasting: principles and practice",
    subtitle = "Time series components",
    url = "https://www.otexts.org/book/fpp",
    howpublished = "online",
    cited = "2015-1-16",
}
@misc{period-hydman,
    title = "Measuring time series characteristics",
    subtitle = "Finding the period of the data",
    url = "http://robjhyndman.com/hyndsight/tscharacteristics/",
    howpublished = "online",
    cited = "2016-4-12",
}
%%https://help.ruxit.com/display/RUXITDOC/Root+cause+analysis+of+infrastructure+issues
@misc{ruxit,
    title = "Root cause analysis of infrastructure issues",
    year = "2016",
    url = "https://help.ruxit.com/",
    howpublished = "online",
    note = "2016-4-11"
}
@misc{new-relic,
    title = "New Relic",
    year = "2016",
    url = "https://en.wikipedia.org/wiki/New\_Relic",
    howpublished = "online",
    cited = "2016-4-20"
}
@misc{tivoli-predictive-insights,
    title = "IBM Operations Analytics\,--\,Predictive Insights",
    url = "https://www-03.ibm.com/software/products/en/ibm-operations-analytics---predictive-insights",
    howpublished = "online",
    cited = "2016-04-20"
}
%%https://spark.apache.org/docs/latest/streaming-programming-guide.html
@misc{apache-spark,
    title = "Spark Streaming Programming Guide",
    subtitle = "Overview",
    url = "https://spark.apache.org/docs/latest/",
    howpublished = "online",
    cited = "2016-4-29",
}

%%%%%%%%%%%%%%% Wiki
@misc{wiki-ma-model,
    author = "Wikipedia",
    title = "Moving-average model",
    year = "2016",
    url = "https://en.wikipedia.org/wiki/Moving-average\_model",
    howpublished = "online",
    cited = "2016-4-11",
}
